% Copyright (C) 2012 Raniere Silva
% 
% This file is part of 'CNPq 126874/2012-3'.
% 
% 'CNPq 126874/2012-3' is licensed under the Creative Commons
% Attribution 3.0 Unported License. To view a copy of this license,
% visit http://creativecommons.org/licenses/by/3.0/.
% 
% 'CNPq 126874/2012-3' is distributed in the hope that it will be
% useful, but WITHOUT ANY WARRANTY; without even the implied warranty of
% MERCHANTABILITY or FITNESS FOR A PARTICULAR PURPOSE.

@inproceedings{Cuthill:1969:ReducingBandwidth,
    author = {Cuthill, E. and McKee, J.},
    title = {Reducing the bandwidth of sparse symmetric matrices},
    booktitle = {Proceedings of the 1969 24th national conference},
    series = {ACM '69},
    year = {1969},
    pages = {157--172},
    numpages = {16},
    url = {http://doi.acm.org/10.1145/800195.805928},
    doi = {10.1145/800195.805928},
    acmid = {805928},
    publisher = {ACM},
    address = {New York, NY, USA},
} 

@book{George:1971:ComputerImplementation,
    title={Computer implementation of the finite element method},
    author={George, J.A.},
    series={Report},
    url={http://books.google.com.br/books?id=949FAAAAIAAJ},
    year={1971},
    publisher={Department of Computer Science, Stanford University}
}

@article{Liu:1976:ComparativeCuthillMcKee,
    title = {Comparative Analysis of the {C}uthill-{M}c{K}ee and the {R}everse
        {C}uthill-{M}c{K}ee Ordering Algorithms for Sparse Matrices},
    author = {Liu, Wai-Hung and Sherman, Andrew H.},
    journal = {SIAM Journal on Numerical Analysis},
    volume = {13},
    number = {2},
    pages = {pp. 198-213},
    url = {http://www.jstor.org/stable/2156087},
    ISSN = {00361429},
    year = {1976},
    publisher = {Society for Industrial and Applied Mathematics},
}

@article{Gibbs:1976:ReducingBandwidth,
    title = {An Algorithm for Reducing the Bandwidth and Profile of a
        Sparse Matrix},
    author = {Gibbs, Norman E. and Poole, William G., Jr. and Stockmeyer,
        Paul K.},
    journal = {SIAM Journal on Numerical Analysis},
    volume = {13},
    number = {2},
    pages = {pp. 236-250},
    url = {http://www.jstor.org/stable/2156090},
    ISSN = {00361429},
    year = {1976},
    publisher = {Society for Industrial and Applied Mathematics},
}

@article{George:1979:NodeFinder,
    title = {An Implementation of a Pseudoperipheral Node Finder},
    author = {George, Alan and Liu, Joseph W. H.},
    journal = {ACM Trans. Math. Softw.},
    issue_date = {Sept. 1979},
    volume = {5},
    number = {3},
    month = sep,
    year = {1979},
    issn = {0098-3500},
    pages = {284--295},
    numpages = {12},
    url = {http://doi.acm.org/10.1145/355841.355845},
    doi = {10.1145/355841.355845},
    acmid = {355845},
    publisher = {ACM},
    address = {New York, NY, USA},
} 

@article{Chan:1980:LinearTimeRCM,
    year={1980},
    issn={0006-3835},
    journal={BIT Numerical Mathematics},
    volume={20},
    issue={1},
    doi={10.1007/BF01933580},
    title={A linear time implementation of the reverse Cuthill-McKee
        algorithm},
    url={http://dx.doi.org/10.1007/BF01933580},
    publisher={Kluwer Academic Publishers},
    author={Chan, W.M. and George, Alan},
    pages={8-14},
    language={English}
}

@book{Wright:1987:PrimalDualIP,
    title={Primal-Dual Interior-Point Methods},
    author={Wright, S.J.},
    isbn={9780898713824},
    lccn={96042071},
    series={Miscellaneous Bks},
    url={http://books.google.com.br/books?id=9TQ5tP8uqeYC},
    year={1987},
    publisher={Society for Industrial and Applied
        Mathematics}
}

@mastersthesis{Fernanda:2005:ReordenacaoCCCG,
    author = {Carmo, Fernanda Cristina do},
    title = {Análise da Influência de Algoritmos de Reordenação de
        Matrizes Esparsas no Desempenho do Método CCCG(n)},
    school = {Universidade Federal de Minas Gerais},
    year = {2005},
    address = {},
    otherinfo = {}
}

@article{Ghidetti:2010:ComparativoReordenamento,
     author = {Kamila Ghidetti and Maria Claudia Boeres and Lucia
        Catabriga},
     title = {Um Estudo Comparativo de Métodos Heurísticos para
         Reordenamento de Matrizes Esparsas},
     year = {2010},
}

@INBOOK{Johnson:2012:Bandwidth,
    author = {Chris Johnson},
    title = {CS 3200 - Introduction to Scientific Computing},
    chapter = {Bandwidth and Renumbering Algorithms},
    pages = {29-34},
    publisher = {},
    year = {2012},
    address = {},
    note = {\url{http://www.eng.utah.edu/~cs3200/notes/cs3200-bandwidth.pdf}},
}

@MISC{Zavoianu:2012:Bandwidth,
    author = {Ciprian Zavoianu},
    title = {Tutorial: Bandwidth reduction - The CutHill-McKee Algorithm},
    month = {oct},
    year = {2012},
    note =
    {\url{http://ciprian-zavoianu.blogspot.com.br/2009/01/project-bandwidth-reduction.html}},
}

@ARTICLE{Barnad:1995:Spectral,
    author = {S. Barnad and A. Photen and H. Simon},
    title = {A spectral algorithm for envelop reduction of sparse
        matrices},
    journal = {Numerical Linear Algebra with Aplications},
    year = {1995},
    number = {3},
    pages = {317-334},
}

@CONFERENCE{Carvalho:2009:MinBanda,
    author = {Marco Antonio Moreira de Carvalho and Nenina Marcia Pereira
        Junqueira and Nei Yoshihiro Soma},
    title = {Uma Heurística para o Problema de Minimização de Largura de Banda
        em Matrizes},
    booktitle = {XLI SBPO 2009 - Pesquisa Operacional na Gestão do
        Conhecimento},
    year = {2009},
    pages = {2886-2897},
    organization = {Sociedade Brasileira de Pesquisa Operacional},
    publisher = {Sociedade Brasileira de Pesquisa Operacional },
}

@misc{Fukuda:2005:Ordenacao,
    author = {Ellen Hidemi Fukuda and Felipe H. Santos and Marina
        Andretta and Robson Keller},
    title = {Ordenaçãoo De Matrizes Esparsas Para Formatos Espéciais},
    year = {2005},
    note = {\url{http://www.ime.usp.br/~ellen/mac5795/notas_de_aula.pdf}}
}

@BOOK{George:1994:ComputerSolution,
    author = {Alan George and Joseph Liu and Esmond Ng},
    title = {Computer Solution of Sparse Linear Systems},
    year = {1994},
    note =
    {\url{http://www.cse.illinois.edu/courses/cs598mh/george_liu.pdf}},
}

@BOOK{George:1981:ComputerSolutionPD,
        author = {Alan George and Joseph W. H. Liu},
        title = {Computer Solution of Large Sparse Positive Definite Systems},
        publisher = {Prentice Hall Series in Computational Mathematics},
        ISBN = {0-13-165274-5},
        year = {1981}
}

@techreport{PCx,
    author    = {Joseph Czyzyk and Sanjay Mehrotra and Michael Wagner and
        Stephen J. Wright},
    title     = {PCx User Guide (Version 1.1)},
    institution = {Optimization Technology Center},
    year      = {1997},
}
