@inproceedings{Cuthill:1969:ReducingBandwidth,
    author = {Cuthill, E. and McKee, J.},
    title = {Reducing the bandwidth of sparse symmetric matrices},
    booktitle = {Proceedings of the 1969 24th national conference},
    series = {ACM '69},
    year = {1969},
    pages = {157--172},
    numpages = {16},
    url = {http://doi.acm.org/10.1145/800195.805928},
    doi = {10.1145/800195.805928},
    acmid = {805928},
    publisher = {ACM},
    address = {New York, NY, USA},
} 

@book{George:1971:ComputerImplementation,
    title={Computer implementation of the finite element method},
    author={George, J.A.},
    series={Report},
    url={http://books.google.com.br/books?id=949FAAAAIAAJ},
    year={1971},
    publisher={Dept. of Computer Science}
}

@article{George:1979:NodeFinder,
    author = {George, Alan and Liu, Joseph W. H.},
    title = {An Implementation of a Pseudoperipheral Node Finder},
    journal = {ACM Trans. Math. Softw.},
    issue_date = {Sept. 1979},
    volume = {5},
    number = {3},
    month = sep,
    year = {1979},
    issn = {0098-3500},
    pages = {284--295},
    numpages = {12},
    url = {http://doi.acm.org/10.1145/355841.355845},
    doi = {10.1145/355841.355845},
    acmid = {355845},
    publisher = {ACM},
    address = {New York, NY, USA},
} 

@MASTERSTHESIS{Fernanda:2005:ReordenacaoCCCG,
    author = {Fernanda Cristina do Carmo},
    title = {Análise da Influência de Algoritmos de Reordenação de Matrizes Esparsas no Desempenho do Método CCCG(n)},
    school = {Universidade Federal de Minas Gerais},
    year = {2005},
    address = {},
    otherinfo = {}
}
